<?xml version="1.0" encoding="UTF-8"?><collection xmlns="http://www.loc.gov/MARC21/slim"><record><leader>00408nam--2200145-i-4500</leader><controlfield tag="001">000042638</controlfield><controlfield tag="002">20161230</controlfield><controlfield tag="005">20161230201043</controlfield><controlfield tag="008">060222s1000------------r-----000-0-eng-d</controlfield><datafield ind1=" " ind2=" " tag="080"><subfield code="a">621.318.1</subfield></datafield><datafield ind1=" " ind2=" " tag="100"><subfield code="a">Standley,K.J</subfield></datafield><datafield ind1=" " ind2=" " tag="245"><subfield code="a">Ojxide magnetic materials. second edition</subfield></datafield><datafield ind1=" " ind2=" " tag="260"><subfield code="a">Oxford, Clarendon Press, 1972. Viii + 254 P</subfield></datafield><datafield ind1=" " ind2=" " tag="490"><subfield code="a">Monographs On The Ph.And Chemistry Of Materials</subfield></datafield><datafield ind1=" " ind2=" " tag="852"><subfield code="a">42051</subfield></datafield></record></collection>